@misc{tailwindui,
  title        = {{Tailwind UI}},
  author       = {{Tailwind Labs Inc.}},
  howpublished = {\url{https://tailwindui.com/}},
  year         = {2017}
}

@misc{tailwindcss,
  title   = {{Tailwind CSS}},
  author  = {{Tailwind Labs Inc.}},
  url     = {https://tailwindcss.com/},
  version = {2.2.19},
  year    = {2017}
}

@misc{react,
  author       = {{Facebook, Inc.}},
  title        = {React},
  year         = {2013},
  url          = {https://reactjs.org/},
  organization = {Facebook, Inc.}
}

@misc{geeksforgeeks_nat_pat,
  title        = {Difference between Network Address Translation (NAT) and Port Address Translation (PAT)},
  author       = {{GeeksforGeeks}},
  howpublished = {\url{https://www.geeksforgeeks.org/difference-between-network-address-translation-nat-and-port-address-translation-pat/}},
  year         = {Year of Access}
}

@online{karthikayan2024,
  author = {Karthikayan Mailsamy},
  title  = {5-Layer Network Model Made Simplified},
  year   = {2024},
  url    = {https://medium.com/@karthikayanmailsamy/5-layer-network-model-made-simplified-e813da0913ba},
  note   = {Medium}
}
